<collection xmlns="http://www.loc.gov/MARC21/slim">
<record>
  <leader>01473nam0a22002771i 450 </leader>
  <controlfield tag="001">IT\ICCU\CNCE\053730</controlfield>
  <controlfield tag="005">20021212000000.0</controlfield>
  <datafield tag="012" ind1=" " ind2=" ">
    <subfield code="a">*-ud e.a. a,q; es&amp;p (3) 1590 (A)</subfield>
    <subfield code="2">fei</subfield>
  </datafield>
  <datafield tag="100" ind1=" " ind2=" ">
    <subfield code="a">20021210d1590        0itac0103    ba</subfield>
  </datafield>
  <datafield tag="101" ind1=" " ind2=" ">
    <subfield code="a">ITA</subfield>
  </datafield>
  <datafield tag="102" ind1=" " ind2=" ">
    <subfield code="a">IT</subfield>
  </datafield>
  <datafield tag="200" ind1="1" ind2=" ">
    <subfield code="a">Trattato sopra li sacri misterii della S. Messa. Del r.p. f. Antonino Rosso di Fossano ... di nuouo ristampato, &amp; corretto, &amp; con molte authorita della scriittura sacra ornato. Doue anco diffusamente si tratta del Santissimo Sacramento dell&apos;Altare. Con due tauole ...</subfield>
  </datafield>
  <datafield tag="210" ind1=" " ind2=" ">
    <subfield code="a">In Alessandria</subfield>
    <subfield code="c">appresso Ercole Quinciano</subfield>
    <subfield code="d">1590</subfield>
    <subfield code="e">In Alessandria</subfield>
    <subfield code="g">appresso Ercole Quinciano</subfield>
    <subfield code="h">1590</subfield>
  </datafield>
  <datafield tag="215" ind1=" " ind2=" ">
    <subfield code="a">90, \2! c.</subfield>
    <subfield code="d">4ʻ</subfield>
  </datafield>
  <datafield tag="620" ind1=" " ind2=" ">
    <subfield code="a">IT</subfield>
    <subfield code="d">Alessandria</subfield>
  </datafield>
  <datafield tag="700" ind1=" " ind2="1">
    <subfield code="a">Rossi,</subfield>
    <subfield code="b">Antonio : da#Fossano</subfield>
    <subfield code="3">IT\ICCU\CNCA\016826</subfield>
  </datafield>
  <datafield tag="712" ind1="0" ind2="0">
    <subfield code="a">Quinciano, Ercole</subfield>
    <subfield code="3">IT\ICCU\CNCT\000572</subfield>
    <subfield code="4">650</subfield>
  </datafield>
  <datafield tag="790" ind1=" " ind2="1">
    <subfield code="a">Rosso,</subfield>
    <subfield code="b">Antonio</subfield>
    <subfield code="3">IT\ICCU\CNCA\017665</subfield>
    <subfield code="z">Rossi, Antonio : da#Fossano</subfield>
  </datafield>
  <datafield tag="790" ind1=" " ind2="1">
    <subfield code="a">Rubeus,</subfield>
    <subfield code="b">Antonius</subfield>
    <subfield code="3">IT\ICCU\CNCA\023730</subfield>
    <subfield code="z">Rossi, Antonio : da#Fossano</subfield>
  </datafield>
  <datafield tag="790" ind1=" " ind2="1">
    <subfield code="a">Rubeo,</subfield>
    <subfield code="b">Antonio</subfield>
    <subfield code="3">IT\ICCU\CNCA\023731</subfield>
    <subfield code="z">Rossi, Antonio : da#Fossano</subfield>
  </datafield>
  <datafield tag="791" ind1="0" ind2="0">
    <subfield code="a">Quinzano, Ercole</subfield>
    <subfield code="3">IT\ICCU\CNCT\002540</subfield>
    <subfield code="z">Quinciano, Ercole</subfield>
  </datafield>
  <datafield tag="791" ind1="0" ind2="0">
    <subfield code="a">Quintanus, Hercules</subfield>
    <subfield code="3">IT\ICCU\CNCT\004063</subfield>
    <subfield code="z">Quinciano, Ercole</subfield>
  </datafield>
  <datafield tag="791" ind1="0" ind2="0">
    <subfield code="a">Quinctianus, Hercules</subfield>
    <subfield code="3">IT\ICCU\CNCT\005272</subfield>
    <subfield code="z">Quinciano, Ercole</subfield>
  </datafield>
  <datafield tag="791" ind1="0" ind2="0">
    <subfield code="a">Quintiano, Ercole</subfield>
    <subfield code="3">IT\ICCU\CNCT\005273</subfield>
    <subfield code="z">Quinciano, Ercole</subfield>
  </datafield>
  <datafield tag="801" ind1=" " ind2="3">
    <subfield code="a">IT</subfield>
    <subfield code="b">ICCU</subfield>
    <subfield code="c">20201115</subfield>
  </datafield>
  <datafield tag="899" ind1=" " ind2=" ">
    <subfield code="a">Biblioteca civica di Mondov. Mondov</subfield>
    <subfield code="1">CN0065</subfield>
    <subfield code="2">TO0 55</subfield>
  </datafield>
</record>
</collection>
